
@inproceedings{ sadilek,
  title = {Modeling Spread of Disease from Social Interactions},
  author = {Sadilek, A. and Kautz, H. and Silenzio, V.},
  booktitle = {Sixth AAAI International Conference on Weblogs and Social Media (ICWSM)},
  year = {2012}
}

@inproceedings{ malbasa,
    author = {Malbasa, V. and Vucetic, S.},
    title = {Spatially regularized logistic regression for disease mapping on large moving populations},
    booktitle = {Proceedings of the 17th ACM SIGKDD international conference on Knowledge discovery and data mining},
    series = {KDD '11},
    year = {2011},
    isbn = {978-1-4503-0813-7},
    location = {San Diego, California, USA},
    pages = {1352--1360},
    numpages = {9},
    url = {http://doi.acm.org/10.1145/2020408.2020609},
    doi = {10.1145/2020408.2020609},
    acmid = {2020609},
    publisher = {ACM},
    address = {New York, NY, USA},
    keywords = {disease mapping, movement trajectories, privacy, regularization, spatial epidemiology, spatial-temporal data mining}
}

@article{ brockmann,
    author = {Brockmann, D. and Hufnagel, L. and Geisel, T.},
    title = "{The scaling laws of human travel}",
    journal = {Nature},
    year = 2006,
    month = jan,
    volume = 439,
    pages = {462-465},
    doi = {10.1038/nature04292}
}

@article{ moser,
    author = {Moser, M.R. and Bender, T.R. and Margolis, H.S. and Noble, G.R. and Kendal, A.P. and Ritter, D.G.},
    title = {An outbreak of influenza aboard a commercial airliner},
    journal = {American Journal of Epidemiology},
    year = 1979,
    month = jul,
    volume = 110,
    pages = {1-6}
}

@article{ foxwell,
    author = {Foxwell, A.R. and Roberts, L. and Lokuge, K. and Kelly, P.M.},
    title = {Transmission of influenza-like illness on international flights},
    year = 2009,
    month = may,
    journal = {Emerging Infectious Diseases},
    doi = {10.3201/eid1707.101135},
    url = {http://dx.doi.org/10.3201/eid1707.101135}
}

@misc{ colizza,
    author = {Colizza, V. and Vespignani, A. and Hardy, E.F.},
    title = {Impact of Air Travel on Global Spread of Infectious Diseases},
    year = 2007,
    url = {http://scimaps.org/maps/map/impact_of_air_travel_24/detail/}
}
